@Misc{auroraSpec,
	institution = {Xilinx},
	title = {Aurora 64B/66B Protocol Specification},   
    howpublished = "\url{https://docs.xilinx.com/v/u/en-US/aurora_64b66b_protocol_spec_sp011}",
    year = {2014} }

